@inproceedings{ rugina,
 author = {Orlovich, Maksim and Rugina, Radu},
 title = {Memory Leak Analysis by Contradiction},
 booktitle = {Proceedings of the 13th International Conference on Static Analysis},
 series = {SAS'06},
 year = {2006},
 isbn = {3-540-37756-5, 978-3-540-37756-6},
 location = {Seoul, Korea},
 pages = {405--424},
 numpages = {20},
 url = {http://dx.doi.org/10.1007/11823230_26},
 doi = {10.1007/11823230_26},
 acmid = {2090908},
 publisher = {Springer-Verlag},
 address = {Berlin, Heidelberg},
} 

@manual{ llvm,
   title = "The LLVM Compiler Infrastructure",
   note = "\url{http://llvm.org/}",
}

@misc{ glibc,
    title     = "GNU C Library master sources",
    note     = "\url{https://sourceware.org/git/?p=glibc.git;a=summary}",
}
